%% https://pages.lip6.fr/Marek.Zawirski/papers/RR-7687.pdf
@inproceedings{Shapiro:2011un,
author = {Shapiro, Marc and Pregui{\c c}a, Nuno and Baquero, Carlos and Zawirski, Marek},
title = {Conflict-free Replicated Data Types},
booktitle = {13th International Symposium on Stabilization, Safety, and Security of Distributed Systems (SSS)},
year = {2011},
pages = {386--400},
month = oct,
doi = {10.1007/978-3-642-24550-3_29}
}
