@misc{ExtendedVersion,
author = {Kleppmann, Martin and Gomes, Victor B. F. and Mulligan, Dominic P. and Beresford, Alastair R.},
title = {{OpSets}: Sequential Specifications for Replicated Datatypes (Extended Version)},
year = {2018},
month = may,
url = {https://arxiv.org/abs/1805.04263}
}

@misc{AFP,
author = {Kleppmann, Martin and Gomes, Victor B. F. and Mulligan, Dominic P. and Beresford, Alastair R.},
title = {{OpSets}: Sequential Specifications for Replicated Datatypes (Proof Document)},
year = {2018},
month = may,
url = {https://www.isa-afp.org/entries/OpSets.html}
}

@misc{InterleavingData,
author = {Kleppmann, Martin},
title = {Research data supporting ``Interleaving anomalies in collaborative text editors'' [Dataset]},
year = {2019},
month = mar,
url = {https://github.com/ept/insert-interleaving},
doi = {10.17863/CAM.37617}
}


%%%%%%%%%%%% Isabelle

@inproceedings{DBLP:conf/tphol/WenzelPN08,
  author    = {Makarius Wenzel and Lawrence C. Paulson and Tobias Nipkow},
  title     = {The {Isabelle} Framework},
  booktitle = {21st International Conference on Theorem Proving in Higher Order Logics (TPHOLs)},
  pages     = {33--38},
  year      = {2008},
  month     = aug,
  doi       = {10.1007/978-3-540-71067-7_7}
}

@book{DBLP:books/sp/NipkowK14,
  author    = {Tobias Nipkow and Gerwin Klein},
  title     = {Concrete Semantics - With Isabelle/HOL},
  publisher = {Springer},
  year      = {2014},
  doi       = {10.1007/978-3-319-10542-0},
  isbn      = {978-3-319-10541-3}
}

@inproceedings{DBLP:conf/tphol/KammullerWP99,
  author    = {Florian Kamm{\"{u}}ller and Markus Wenzel and Lawrence C. Paulson},
  title     = {Locales - {A} Sectioning Concept for {Isabelle}},
  booktitle = {12th International Conference on Theorem Proving in Higher Order Logics (TPHOLs)},
  pages     = {149--166},
  year      = {1999},
  doi       = {10.1007/3-540-48256-3_11}
}

@inproceedings{DBLP:conf/types/HaftmannW08,
  author    = {Florian Haftmann and Makarius Wenzel},
  title     = {Local Theory Specifications in {Isabelle/Isar}},
  booktitle = {International Workshop on Types for Proofs and Programs (TYPES)},
  pages     = {153--168},
  year      = {2008},
  doi       = {10.1007/978-3-642-02444-3_10}
}


%%%%%%%%%%%% Specification

@inproceedings{DBLP:conf/atva/MukundRS15,
  author    = {Madhavan Mukund and Gautham Shenoy R. and S. P. Suresh},
  title     = {Effective Verification of Replicated Data Types Using Later Appearance Records {(LAR)}},
  booktitle = {13th International Symposium on Automated Technology for Verification and Analysis (ATVA)},
  pages     = {293--308},
  year      = {2015},
  month     = oct,
  doi       = {10.1007/978-3-319-24953-7_23}
}

@inproceedings{DBLP:conf/coordination/GadducciMR17,
  author    = {Fabio Gadducci and Hern{\'{a}}n C. Melgratti and Christian Rold{\'{a}}n},
  title     = {A Denotational View of Replicated Data Types},
  booktitle = {19th International Conference on Coordination Models and Languages (COORDINATION)},
  pages     = {138--156},
  year      = {2017},
  month     = jun,
  doi       = {10.1007/978-3-319-59746-1_8}
}

@inproceedings{DBLP:conf/popl/GotsmanYFNS16,
  author    = {Alexey Gotsman and Hongseok Yang and Carla Ferreira and Mahsa Najafzadeh and Marc Shapiro},
  title     = {{`Cause I'm} strong enough: reasoning about consistency choices in distributed systems},
  booktitle = {43rd ACM SIGPLAN-SIGACT Symposium on Principles of Programming Languages (POPL)},
  pages     = {371--384},
  year      = {2016},
  month     = jan,
  doi       = {10.1145/2837614.2837625}
}

%% https://www.microsoft.com/en-us/research/wp-content/uploads/2016/07/podc16-complete.pdf
@inproceedings{Attiya:2016kh,
author = {Attiya, Hagit and Burckhardt, Sebastian and Gotsman, Alexey and Morrison, Adam and Yang, Hongseok and Zawirski, Marek},
title = {Specification and Complexity of Collaborative Text Editing},
booktitle = {ACM Symposium on Principles of Distributed Computing (PODC)},
year = {2016},
pages = {259--268},
month = jul,
doi = {10.1145/2933057.2933090}
}

%% https://softech.cs.uni-kl.de/homepage/publications/Zeller.Bieniusa.Poetzsch-Heffter.Forte2014.pdf
@inproceedings{Zeller:2014fl,
author = {Zeller, Peter and Bieniusa, Annette and Poetzsch-Heffter, Arnd},
title = {Formal Specification and Verification of {CRDTs}},
booktitle = {34th IFIP International Conference on Formal Techniques for Distributed Objects, Components and Systems (FORTE)},
year = {2014},
month = jun,
doi = {10.1007/978-3-662-43613-4_3}
}

%% https://hal.inria.fr/hal-00934311
@inproceedings{Burckhardt:2014ft,
author = {Burckhardt, Sebastian and Gotsman, Alexey and Yang, Hongseok and Zawirski, Marek},
title = {Replicated Data Types: Specification, Verification, Optimality},
booktitle = {41st ACM SIGPLAN-SIGACT Symposium on Principles of Programming Languages (POPL)},
year = {2014},
pages = {271--284},
month = jan,
doi = {10.1145/2535838.2535848}
}

%% https://arxiv.org/abs/1708.04754
@article{Wei:2017tg,
author = {Wei, Hengfeng and Huang, Yu and Lu, Jian},
title = {Specification and Implementation of Replicated List: The {Jupiter} Protocol Revisited},
journal = {arxiv.org},
year = {2017},
month = aug,
url = {https://arxiv.org/abs/1708.04754},
}

%%%%%%%%%% CRDTs

@techreport{Shapiro:2011wy,
author = {Shapiro, Marc and Pregui{\c c}a, Nuno and Baquero, Carlos and Zawirski, Marek},
title = {A comprehensive study of Convergent and Commutative Replicated Data Types},
year = {2011},
number = {7506},
institution = {INRIA},
url = {http://hal.inria.fr/inria-00555588/}
}

%% https://pages.lip6.fr/Marek.Zawirski/papers/RR-7687.pdf
@inproceedings{Shapiro:2011un,
author = {Shapiro, Marc and Pregui{\c c}a, Nuno and Baquero, Carlos and Zawirski, Marek},
title = {Conflict-free Replicated Data Types},
booktitle = {13th International Symposium on Stabilization, Safety, and Security of Distributed Systems (SSS)},
year = {2011},
pages = {386--400},
month = oct,
doi = {10.1007/978-3-642-24550-3_29}
}

%% https://hal.inria.fr/hal-01248208/document
@article{Saito:2005jw,
author = {Saito, Yasushi and Shapiro, Marc},
title = {Optimistic Replication},
journal = {ACM Computing Surveys},
year = {2005},
volume = {37},
number = {1},
pages = {42--81},
month = mar,
doi = {10.1145/1057977.1057980}
}

%% http://repositorium.sdum.uminho.pt/bitstream/1822/38206/1/1867.pdf
@inproceedings{Baquero:2014ed,
author = {Baquero, Carlos and Almeida, Paulo S{\'e}rgio and Shoker, Ali},
title = {Making Operation-based {CRDTs} Operation-based},
booktitle = {14th IFIP International Conference on Distributed Applications and Interoperable Systems (DAIS)},
year = {2014},
pages = {126--140},
month = jun,
doi = {10.1007/978-3-662-43352-2_11}
}

%% https://arxiv.org/abs/1410.2803
@inproceedings{Almeida:2015fc,
author = {Almeida, Paulo S{\'e}rgio and Shoker, Ali and Baquero, Carlos},
title = {Efficient State-Based {CRDTs} by Delta-Mutation},
booktitle = {International Conference on Networked Systems (NETYS)},
year = {2015},
month = may,
doi = {10.1007/978-3-319-26850-7_5}
}

%% http://csl.skku.edu/papers/jpdc11.pdf
@article{Roh:2011dw,
author = {Roh, Hyun-Gul and Jeon, Myeongjae and Kim, Jin-Soo and Lee, Joonwon},
title = {Replicated abstract data types: Building blocks for collaborative applications},
journal = {Journal of Parallel and Distributed Computing},
year = {2011},
volume = {71},
number = {3},
pages = {354--368},
doi = {10.1016/j.jpdc.2010.12.006}
}

%% https://cs.kaist.ac.kr/upload_files/report/1254967150.pdf
@techreport{Roh:2009ws,
author = {Roh, Hyun-Gul and Kim, Jin-Soo and Lee, Joonwon and Maeng, Seungryoul},
title = {Optimistic Operations for Replicated Abstract Data Types},
year = {2009},
number = {CS/TR-2009-318},
month = sep,
institution = {KAIST}
}

%% http://arxiv.org/abs/1608.03960
@article{Kleppmann:2016ve,
author = {Kleppmann, Martin and Beresford, Alastair R},
title = {A Conflict-Free Replicated {JSON} Datatype},
journal = {IEEE Transactions on Parallel and Distributed Systems},
year = {2017},
volume = {28},
number = {10},
pages = {2733--2746},
month = apr,
doi = {10.1109/TPDS.2017.2697382}
}

%% https://hal.inria.fr/inria-00445975/document
@inproceedings{Preguica:2009fz,
author = {Pregui{\c c}a, Nuno and Manuel Marqu{\`e}s, Joan and Shapiro, Marc and Letia, Mihai},
title = {A commutative replicated data type for cooperative editing},
booktitle = {29th IEEE International Conference on Distributed Computing Systems (ICDCS)},
year = {2009},
month = jun,
doi = {10.1109/ICDCS.2009.20}
}

%% https://hal.archives-ouvertes.fr/file/index/docid/108523/filename/OsterCSCW06.pdf
@inproceedings{Oster:2006wj,
author = {Oster, G{\'e}rald and Urso, Pascal and Molli, Pascal and Imine, Abdessamad},
title = {Data Consistency for {P2P} Collaborative Editing},
booktitle = {ACM Conference on Computer Supported Cooperative Work (CSCW)},
year = {2006},
month = nov,
doi = {10.1145/1180875.1180916}
}

%% http://pagesperso.lina.univ-nantes.fr/~molli-p/pmwiki/uploads/Main/weiss09.pdf
@inproceedings{Weiss:2009ht,
author = {Weiss, St{\'e}phane and Urso, Pascal and Molli, Pascal},
title = {{Logoot}: A Scalable Optimistic Replication Algorithm for Collaborative Editing on {P2P} Networks},
booktitle = {29th IEEE International Conference on Distributed Computing Systems (ICDCS)},
year = {2009},
pages = {404--412},
month = jun,
doi = {10.1109/ICDCS.2009.75}
}

%% https://www.researchgate.net/profile/Pascal_Urso/publication/233882440_Logoot-Undo_Distributed_Collaborative_Editing_System/links/0fcfd50c84f5194937000000.pdf
@article{Weiss:2010hx,
author = {Weiss, St{\'e}phane and Urso, Pascal and Molli, Pascal},
title = {{Logoot-Undo}: Distributed Collaborative Editing System on {P2P} networks},
journal = {IEEE Transactions on Parallel and Distributed Systems},
year = {2010},
volume = {21},
number = {8},
pages = {1162--1174},
month = jan,
doi = {10.1109/TPDS.2009.173}
}

%% https://hal.archives-ouvertes.fr/file/index/docid/921633/filename/fp025-nedelec.pdf
@inproceedings{Nedelec:2013ky,
author = {N{\'e}delec, Brice and Molli, Pascal and Mostefaoui, Achour and Desmontils, Emmanuel},
title = {{LSEQ}: an Adaptive Structure for Sequences in Distributed Collaborative Editing},
booktitle = {13th ACM Symposium on Document Engineering (DocEng)},
year = {2013},
pages = {37--46},
month = sep,
doi = {10.1145/2494266.2494278}
}

%% https://hal.archives-ouvertes.fr/hal-01303333
@inproceedings{Nedelec:2016eo,
author = {N{\'e}delec, Brice and Molli, Pascal and Mostefaoui, Achour},
title = {{CRATE}: Writing Stories Together with our Browsers},
booktitle = {25th International World Wide Web Conference (WWW)},
year = {2016},
pages = {231--234},
month = apr,
doi = {10.1145/2872518.2890539}
}

@misc{LSEQTree,
author = {{Chat-Wane}},
title = {{LSEQTree}},
url = {https://github.com/Chat-Wane/LSEQTree}
}

@misc{Automerge,
author = {Kleppmann, Martin and van Hardenberg, Peter and Henry, Orion},
title = {{Automerge}},
url = {https://github.com/automerge/automerge}
}

@misc{crjdt,
author = {Thomas, Frank S},
title = {{crjdt}: A conflict-free replicated {JSON} datatype in {Scala}},
url = {https://github.com/fthomas/crjdt}
}

%% https://arxiv.org/pdf/1010.3615.pdf
@inproceedings{Martin:2010ih,
author = {Martin, St{\'e}phane and Urso, Pascal and Weiss, St{\'e}phane},
title = {Scalable {XML} Collaborative Editing with Undo},
booktitle = {On the Move to Meaningful Internet Systems},
year = {2010},
pages = {507--514},
month = oct,
doi = {10.1007/978-3-642-16934-2_37}
}

%% http://dbis.rwth-aachen.de/~derntl/papers/preprints/icwe2015-preprint.pdf
@inproceedings{Nicolaescu:2015id,
author = {Nicolaescu, Petru and Jahns, Kevin and Derntl, Michael and Klamma, Ralf},
title = {{Yjs}: A Framework for Near Real-Time {P2P} Shared Editing on Arbitrary Data Types},
booktitle = {15th International Conference on Web Engineering (ICWE)},
year = {2015},
month = jun,
doi = {10.1007/978-3-319-19890-3_55}
}

%% https://hal.inria.fr/docs/00/62/95/03/PDF/doce63-ahmednacer.pdf
@inproceedings{AhmedNacer:2011ke,
author = {Ahmed-Nacer, Mehdi and Ignat, Claudia-Lavinia and Oster, G{\'e}rald and Roh, Hyun-Gul and Urso, Pascal},
title = {Evaluating {CRDTs} for real-time document editing},
booktitle = {11th ACM Symposium on Document Engineering (DocEng)},
year = {2011},
pages = {103--112},
month = sep,
doi = {10.1145/2034691.2034717}
}

@misc{ReplicationBenchmark,
author = {Ahmed-Nacer, Mehdi and Oster, G{\'e}rald and Urso, Pascal},
title = {Java benchmarker of optimistic replication algorithms},
url = {https://github.com/PascalUrso/ReplicationBenchmark}
}

%% https://hal.inria.fr/file/index/docid/957167/filename/main.pdf
@inproceedings{AhmedNacer:2014gp,
author = {Ahmed-Nacer, Mehdi and Urso, Pascal and Balegas, Valter and Pergui{\c c}a, Nuno},
title = {Merging {OT} and {CRDT} algorithms},
booktitle = {1st Workshop on Principles and Practice of Eventual Consistency (PaPEC)},
year = {2014},
month = apr,
doi = {10.1145/2596631.2596636}
}

@techreport{Bieniusa:2012wu,
author = {Bieniusa, Annette and Zawirski, Marek and Pregui{\c c}a, Nuno and Shapiro, Marc and Baquero, Carlos and Balegas, Valter and Duarte, S{\'e}rgio},
title = {An Optimized Conflict-free Replicated Set},
year = {2012},
number = {RR-8083},
month = oct,
publisher = {INRIA Research Report},
url = {http://arxiv.org/abs/1210.3368}
}

%% https://pages.lip6.fr/Marc.Shapiro/papers/semantics-sets-BA-DISC-2012.pdf
@inproceedings{Bieniusa:2012gt,
author = {Bieniusa, Annette and Zawirski, Marek and Pregui{\c c}a, Nuno and Shapiro, Marc and Baquero, Carlos and Balegas, Valter and Duarte, S{\'e}rgio},
title = {Brief Announcement: Semantics of Eventually Consistent Replicated Sets},
booktitle = {26th International Symposium on Distributed Computing (DISC)},
year = {2012},
pages = {441--442},
month = oct,
doi = {10.1007/978-3-642-33651-5_48}
}

%% http://www.ds.ewi.tudelft.nl/~victor/polo.pdf
@inproceedings{Grishchenko:2014eh,
author = {Grishchenko, Victor},
title = {{Citrea} and {Swarm}: Partially ordered op logs in the browser},
booktitle = {1st Workshop on Principles and Practice of Eventual Consistency (PaPEC)},
year = {2014},
month = apr,
doi = {10.1145/2596631.2596641}
}

%% https://pages.lip6.fr/Marc.Shapiro/papers/geodistr-FS-Systor-2015.pdf
@inproceedings{Tao:2015gd,
author = {Tao, Vinh and Shapiro, Marc and Rancurel, Vianney},
title = {Merging semantics for conflict updates in geo-distributed file systems},
booktitle = {8th ACM International Systems and Storage Conference (SYSTOR)},
year = {2015},
month = may,
doi = {10.1145/2757667.2757683}
}

@techreport{AhmedNacer:2012us,
author = {Ahmed-Nacer, Mehdi and Martin, St{\'e}phane and Urso, Pascal},
title = {File system on {CRDT}},
institution = {INRIA},
year = {2012},
number = {RR-8027},
month = jul,
publisher = {INRIA},
url = {https://hal.inria.fr/hal-00720681/}
}

@phdthesis{Najafzadeh:2017vk,
author = {Najafzadeh, Mahsa},
title = {The Analysis and Co-design of Weakly-Consistent Applications},
year = {2016},
month = aug,
school = {Universit{\'e} Pierre et Marie Curie},
publisher = {Universit{\'e} Pierre et Marie Curie},
affiliation = {Universit{\'e} Pierre et Marie Curie},
url = {https://tel.archives-ouvertes.fr/tel-01351187v1}
}

%% https://pages.lip6.fr/Marc.Shapiro/papers/VMCAI-2018-filesys.pdf
@inproceedings{Najafzadeh:2018bw,
author = {Najafzadeh, Mahsa and Shapiro, Marc and Eugster, Patrick},
title = {Co-Design and Verification of an Available File System},
booktitle = {19th International Conference on Verification, Model Checking, and Abstract Interpretation (VMCAI)},
year = {2018},
pages = {358--381},
month = jan,
doi = {10.1007/978-3-319-73721-8_17}
}

%% https://arxiv.org/abs/1707.01747
@article{Gomes:2017gy,
author = {Gomes, Victor B F and Kleppmann, Martin and Mulligan, Dominic P and Beresford, Alastair R},
title = {Verifying strong eventual consistency in distributed systems},
journal = {Proceedings of the ACM on Programming Languages (PACMPL)},
year = {2017},
volume = {1},
number = {OOPSLA},
month = oct,
doi = {10.1145/3133933}
}

@article{Gomes:2017vo,
author = {Gomes, Victor B F and Kleppmann, Martin and Mulligan, Dominic P and Beresford, Alastair R},
title = {A framework for establishing Strong Eventual Consistency for Conflict-free Replicated Data types},
journal = {Archive of Formal Proofs},
year = {2017},
month = jul,
url = {http://isa-afp.org/entries/CRDT.html}
}


%%%%%%% Operational transformation

%% http://itu.dk/stud/speciale/bepjea/xwebtex/litt/concurrency-control-in-groupware-systems.pdf
@inproceedings{Ellis:1989ue,
author = {Ellis, Clarence and Gibbs, S J},
title = {Concurrency Control in Groupware Systems},
booktitle = {ACM International Conference on Management of Data (SIGMOD)},
year = {1989},
month = may,
pages = {399--407},
doi = {10.1145/67544.66963}
}

%% http://www.itu.dk/stud/speciale/bepjea/xwebtex/litt/integrating-transformation-oriented-approach-to-concurrency-control.pdf
@inproceedings{Ressel:1996wx,
author = {Ressel, Matthias and Nitsche-Ruhland, Doris and Gunzenh{\"a}uer, Rul},
title = {An Integrating, Transformation-Oriented Approach to Concurrency Control and Undo in Group Editors},
booktitle = {ACM Conference on Computer Supported Cooperative Work (CSCW)},
year = {1996},
month = nov,
pages = {288--297},
doi = {10.1145/240080.240305}
}

%% http://hal.archives-ouvertes.fr/docs/00/10/90/39/PDF/OsterCollaborateCom06.pdf
@inproceedings{Oster:2006tr,
author = {Oster, G{\'e}rald and Molli, Pascal and Urso, Pascal and Imine, Abdessamad},
title = {Tombstone Transformation Functions for Ensuring Consistency in Collaborative Editing Systems},
booktitle = {2nd International Conference on Collaborative Computing (CollaborateCom)},
year = {2006},
doi = {10.1109/COLCOM.2006.361867}
}

%% http://citeseerx.ist.psu.edu/viewdoc/download?doi=10.1.1.53.933&rep=rep1&type=pdf
@inproceedings{Sun:1998vf,
author = {Sun, Chengzheng and Ellis, Clarence},
title = {Operational Transformation in Real-Time Group Editors: Issues, Algorithms, and Achievements},
booktitle = {ACM Conference on Computer Supported Cooperative Work (CSCW)},
year = {1998},
pages = {59--68},
month = nov,
doi = {10.1145/289444.289469}
}

%% http://salvin.jeancharles.free.fr/Documents/Projet%20-%20Boulot/NTU-Singapore/p63-sun.pdf
@article{Sun:1998un,
author = {Sun, Chengzheng and Jia, Xiaohua and Zhang, Yanchun and Yang, Yun and Chen, David},
title = {Achieving Convergence, Causality Preservation, and Intention Preservation in Real-Time Cooperative Editing Systems},
journal = {ACM Transactions on Computer-Human Interaction (TOCHI)},
year = {1998},
volume = {5},
number = {1},
pages = {63--108},
doi = {10.1145/274444.274447}
}

%% http://citeseerx.ist.psu.edu/viewdoc/summary?doi=10.1.1.19.5984
@article{Sun:2002jb,
author = {Sun, Chengzheng and Chen, David},
title = {Consistency Maintenance in Real-Time Collaborative Graphics Editing Systems},
journal = {ACM Transactions on Computer-Human Interaction (TOCHI)},
year = {2002},
volume = {9},
number = {1},
pages = {1--41},
month = mar,
doi = {10.1145/505151.505152}
}

@inproceedings{Suleiman:1997gl,
author = {Suleiman, Maher and Cart, Mich{\`e}le and Ferri{\'e}, Jean},
title = {Serialization of concurrent operations in a distributed collaborative environment},
booktitle = {International Conference on Supporting Group Work (GROUP)},
year = {1997},
pages = {435--445},
month = nov,
doi = {10.1145/266838.267369}
}

@inproceedings{Suleiman:1998eu,
author = {Suleiman, Maher and Cart, Mich{\`e}le and Ferri{\'e}, Jean},
title = {Concurrent operations in a distributed and mobile collaborative environment},
booktitle = {14th International Conference on Data Engineering (ICDE)},
year = {1998},
pages = {36--45},
month = feb,
doi = {10.1109/ICDE.1998.655755}
}

%% http://www-inf.it-sudparis.eu/cours/MOPS-RM/Articles/coherence.pdf
@inproceedings{Vidot:2000ch,
author = {Vidot, Nicolas and Cart, Michelle and Ferri{\'e}, Jean and Suleiman, Maher},
title = {Copies convergence in a distributed real-time collaborative environment},
booktitle = {ACM Conference on Computer Supported Cooperative Work (CSCW)},
year = {2000},
pages = {171--180},
month = dec,
doi = {10.1145/358916.358988}
}

%% http://www.lively-kernel.org/repository/webwerkstatt/projects/Collaboration/paper/Jupiter.pdf
@inproceedings{Nichols:1995fd,
author = {Nichols, David A and Curtis, Pavel and Dixon, Michael and Lamping, John},
title = {High-Latency, Low-Bandwidth Windowing in the {Jupiter} Collaboration System},
booktitle = {8th Annual ACM Symposium on User Interface Software and Technology (UIST)},
year = {1995},
pages = {111--120},
month = nov,
doi = {10.1145/215585.215706}
}

@inproceedings{Li:2004er,
author = {Li, Du and Li, Rui},
title = {Preserving operation effects relation in group editors},
booktitle = {ACM Conference on Computer Supported Cooperative Work (CSCW)},
year = {2004},
pages = {457--466},
month = nov,
doi = {10.1145/1031607.1031683}
}

@inproceedings{Li:2006kd,
author = {Li, Du and Li, Rui},
title = {A Performance Study of Group Editing Algorithms},
booktitle = {12th International Conference on Parallel and Distributed Systems (ICPADS)},
year = {2006},
pages = {300--307},
month = jul,
doi = {10.1109/ICPADS.2006.18}
}

%% http://www.ecscw.org/2003/017Ignat_ecscw03.pdf
@inproceedings{Ignat:2003jy,
author = {Ignat, Claudia-Lavinia and Norrie, Moira C},
title = {Customizable Collaborative Editor Relying on {treeOPT} Algorithm},
booktitle = {8th European Conference on Computer-Supported Cooperative Work (ECSCW)},
year = {2003},
pages = {315--334},
month = sep,
doi = {10.1007/978-94-010-0068-0_17}
}

%% http://citeseerx.ist.psu.edu/viewdoc/download?doi=10.1.1.100.74&rep=rep1&type=pdf
@inproceedings{Davis:2002iv,
author = {Davis, Aguido Horatio and Sun, Chengzheng and Lu, Junwei},
title = {Generalizing Operational Transformation to the {Standard General Markup Language}},
booktitle = {ACM Conference on Computer Supported Cooperative Work (CSCW)},
year = {2002},
pages = {58--67},
month = nov,
doi = {10.1145/587078.587088}
}

@webpage{Wang:2015vo,
title = {{Apache Wave} (incubating) Protocol Documentation, Release 0.4},
author = {Wang, David and Mah, Alex and Lassen, Soren and Thorogood, Sam},
month = aug,
year = {2015},
howpublished = {Apache Software Foundation},
url = {https://people.apache.org/~al/wave_docs/ApacheWaveProtocol-0.4.pdf}
}

@webpage{Spiewak:2010vw,
author = {Spiewak, Daniel},
title = {Understanding and Applying Operational Transformation},
year = {2010},
month = may,
url = {http://www.codecommit.com/blog/java/understanding-and-applying-operational-transformation}
}

@webpage{DayRichter:2010tt,
author = {Day-Richter, John},
title = {What's different about the new {Google Docs}: Making collaboration fast},
year = {2010},
month = sep,
url = {https://drive.googleblog.com/2010/09/whats-different-about-new-google-docs.html}
}

@webpage{Etherpad:2011um,
author = {{AppJet, Inc.}},
title = {{Etherpad} and {EasySync} Technical Manual},
year = {2011},
month = mar,
url = {https://github.com/ether/etherpad-lite/blob/e2ce9dc/doc/easysync/easysync-full-description.pdf}
}

@webpage{Levien:2016wz,
author = {Levien, Raph},
title = {Towards a unified theory of {Operational Transformation} and {CRDT}},
year = {2016},
month = jul,
url = {https://medium.com/@raphlinus/towards-a-unified-theory-of-operational-transformation-and-crdt-70485876f72f}
}

@techreport{Oster:2005vi,
author = {Oster, G{\'e}rald and Urso, Pascal and Molli, Pascal and Imine, Abdessamad},
title = {Proving correctness of transformation functions in collaborative editing systems},
year = {2005},
number = {RR-5795},
month = dec,
institution = {INRIA Research Report},
url = {https://hal.inria.fr/inria-00071213/}
}

%% http://www.ecscw.org/2003/015Imine_ecscw03.pdf
@inproceedings{Imine:2003ks,
author = {Imine, Abdessamad and Molli, Pascal and Oster, G{\'e}rald and Rusinowitch, Micha{\"e}l},
title = {Proving Correctness of Transformation Functions in Real-Time Groupware},
booktitle = {8th European Conference on Computer-Supported Cooperative Work (ECSCW)},
year = {2003},
pages = {277--293},
month = sep,
doi = {10.1007/978-94-010-0068-0_15}
}

%% http://pagesperso.lina.univ-nantes.fr/~molli-p/pmwiki/uploads/Main/iminetcs05.pdf
@article{Imine:2006kn,
author = {Imine, Abdessamad and Rusinowitch, Micha{\"e}l and Oster, G{\'e}rald and Molli, Pascal},
title = {Formal design and verification of operational transformation algorithms for copies convergence},
journal = {Theoretical Computer Science},
year = {2006},
volume = {351},
number = {2},
pages = {167--183},
month = feb,
doi = {10.1016/j.tcs.2005.09.066}
}

@inproceedings{Li:2005jq,
author = {Li, Rui and Li, Du},
title = {A landmark-based transformation approach to concurrency control in group editors},
booktitle = {International ACM SIGGROUP Conference on Supporting Group Work},
year = {2005},
pages = {284--293},
month = nov,
doi = {10.1145/1099203.1099252}
}

@article{Li:2008hw,
author = {Li, Du and Li, Rui},
title = {An Approach to Ensuring Consistency in Peer-to-Peer Real-Time Group Editors},
journal = {Computer Supported Cooperative Work (CSCW)},
year = {2008},
volume = {17},
number = {5},
pages = {553--611},
month = dec,
doi = {10.1007/s10606-005-9009-5}
}

@inproceedings{Sinchuk:2016cf,
author = {Sinchuk, Sergey and Chuprikov, Pavel and Solomatov, Konstantin},
title = {Verified Operational Transformation for Trees},
booktitle = {7th International Conference on Interactive Theorem Proving (ITP)},
year = {2016},
month = aug,
doi = {10.1007/978-3-319-43144-4_22}
}

@misc{Jungnickel:2015ua,
author = {Jungnickel, Tim and Herb, Tobias},
title = {{TP1}-valid Transformation Functions for Operations on ordered {n-ary} Trees},
howpublished = "arXiv:1512.05949",
year = {2015},
month = dec,
url = {https://arxiv.org/abs/1512.05949}
}

%% http://www.redaktion.tu-berlin.de/fileadmin/a34331500/paper/sac16-jungnickel.pdf
@inproceedings{Jungnickel:2016cb,
author = {Jungnickel, Tim and Herb, Tobias},
title = {Simultaneous editing of {JSON} objects via operational transformation},
booktitle = {31st Annual ACM Symposium on Applied Computing (SAC)},
year = {2016},
pages = {812--815},
month = apr,
doi = {10.1145/2851613.2852003}
}

@webpage{Sun:2018wb,
author = {Sun, Chengzheng and Sun, David and {Agustina} and Cai, Weiwei},
title = {Real Differences between {OT} and {CRDT} for Co-Editors},
year = {2018},
month = oct,
url = {https://arxiv.org/abs/1810.02137}
}

@webpage{StackOverflowInterleaving,
author = {{Archagon}},
title = {{Logoot CRDT}: interleaving of data on concurrent edits to the same spot?},
year = {2017},
month = aug,
url = {https://stackoverflow.com/questions/45722742/logoot-crdt-interleaving-of-data-on-concurrent-edits-to-the-same-spot}
}

%%%%%%% General distributed systems stuff

%% http://courses.csail.mit.edu/6.852/08/papers/CT96-JACM.pdf
@article{Chandra:1996cp,
author = {Chandra, Tushar Deepak and Toueg, Sam},
title = {Unreliable Failure Detectors for Reliable Distributed Systems},
journal = {Journal of the ACM},
year = {1996},
volume = {43},
number = {2},
pages = {225--267},
month = mar,
doi = {10.1145/226643.226647}
}

%% http://www.cs.technion.ac.il/people/mad/online-publications/podc2015-replds.pdf
@inproceedings{Attiya:2015dm,
author = {Attiya, Hagit and Ellen, Faith and Morrison, Adam},
title = {Limitations of Highly-Available Eventually-Consistent Data Stores},
booktitle = {ACM Symposium on Principles of Distributed Computing (PODC)},
year = {2015},
month = jul,
doi = {10.1145/2767386.2767419}
}

%% http://apps.cs.utexas.edu/tech_reports/reports/tr/TR-2036.pdf
@techreport{Mahajan:2011wz,
author = {Mahajan, Prince and Alvisi, Lorenzo and Dahlin, Mike},
title = {Consistency, Availability, and Convergence},
year = {2011},
number = {UTCS TR-11-22},
month = may,
institution = {University of Texas at Austin, Department of Computer Science}
}

%% https://www.cs.cmu.edu/~dga/papers/cops-sosp2011.pdf
@inproceedings{Lloyd:2011hz,
author = {Lloyd, Wyatt and Freedman, Michael J and Kaminsky, Michael and Andersen, David G},
title = {Don't settle for eventual: Scalable causal consistency for wide-area storage with {COPS}},
booktitle = {23rd ACM Symposium on Operating Systems Principles (SOSP)},
year = {2011},
pages = {401--416},
doi = {10.1145/2043556.2043593}
}

%% http://delab.csd.auth.gr/~dimitris/courses/mpc_fall05/papers/invalidation/acm_csur85_partitioned_network_consistency.pdf
@article{Davidson:1985hv,
author = {Davidson, Susan B and Garcia-Molina, Hector and Skeen, Dale},
title = {Consistency in Partitioned Networks},
journal = {ACM Computing Surveys},
year = {1985},
volume = {17},
number = {3},
pages = {341--370},
month = sep,
doi = {10.1145/5505.5508}
}

%% http://citeseerx.ist.psu.edu/viewdoc/download?doi=10.1.1.71.2269&rep=rep1&type=pdf
@inproceedings{Terry:1994fp,
author = {Terry, Douglas B and Demers, Alan J and Petersen, Karin and Spreitzer, Mike J and Theimer, Marvin M and Welch, Brent B},
title = {Session Guarantees for Weakly Consistent Replicated Data},
booktitle = {3rd International Conference on Parallel and Distributed Information Systems (PDIS)},
year = {1994},
pages = {140--149},
month = sep,
doi = {10.1109/PDIS.1994.331722}
}

%% http://css.csail.mit.edu/6.824/2014/papers/bayou-conflicts.pdf
@inproceedings{Terry:1995dn,
author = {Terry, Douglas B and Theimer, Marvin M and Petersen, Karin and Demers, Alan J and Spreitzer, Mike J and Hauser, Carl H},
title = {Managing update conflicts in {Bayou}, a weakly connected replicated storage system},
booktitle = {15th ACM Symposium on Operating Systems Principles (SOSP)},
year = {1995},
pages = {172--182},
month = dec,
doi = {10.1145/224056.224070}
}

%% http://www.distributedprogramming.net/
@book{Cachin:2011wt,
author = {Cachin, Christian and Guerraoui, Rachid and Rodrigues, Lu{\'\i}s},
title = {Introduction to Reliable and Secure Distributed Programming},
publisher = {Springer},
year = {2011},
edition = {second},
month = feb,
doi = {10.1007/978-3-642-15260-3},
isbn = {978-3-642-15259-7}
}

%% https://queue.acm.org/detail.cfm?id=2655736
@article{Bailis:2014jx,
author = {Bailis, Peter and Kingsbury, Kyle},
title = {The Network is Reliable},
journal = {ACM Queue},
year = {2014},
volume = {12},
number = {7},
month = jul,
doi = {10.1145/2639988.2639988}
}

%% http://charlotte.ucsd.edu/classes/sp00/cse223/flp.pdf
@article{Fischer:1985tt,
author = {Fischer, Michael J and Lynch, Nancy A and Paterson, Michael S},
title = {Impossibility of Distributed Consensus with One Faulty Process},
journal = {Journal of the ACM},
year = {1985},
volume = {32},
number = {2},
pages = {374--382},
month = apr,
doi = {10.1145/3149.214121}
}

%% https://cs.brown.edu/~mph/Herlihy91/p124-herlihy.pdf
@article{Herlihy:1991gk,
author = {Herlihy, Maurice P},
title = {Wait-free synchronization},
journal = {ACM Transactions on Programming Languages and Systems (TOPLAS)},
year = {1991},
volume = {13},
number = {1},
pages = {124--149},
month = jan,
doi = {10.1145/114005.102808}
}

%% https://www.cs.cornell.edu/fbs/publications/DefLiveness.pdf
@article{Alpern:1985dg,
author = {Alpern, Bowen and Schneider, Fred B},
title = {Defining Liveness},
journal = {Information Processing Letters},
year = {1985},
volume = {21},
number = {4},
pages = {181--185},
month = oct,
doi = {10.1016/0020-0190(85)90056-0}
}

%% http://www.nowpublishers.com/articles/foundations-and-trends-in-programming-languages/PGL-011
@article{Burckhardt:2014hy,
author = {Burckhardt, Sebastian},
title = {Principles of Eventual Consistency},
journal = {Foundations and Trends in Programming Languages},
year = {2014},
volume = {1},
number = {1-2},
pages = {1--150},
month = oct,
doi = {10.1561/2500000011}
}

%% http://cacm.acm.org/magazines/2009/1/15666-eventually-consistent/fulltext
@article{Vogels:2009ca,
author = {Vogels, Werner},
title = {Eventually consistent},
journal = {Communications of the ACM},
year = {2009},
volume = {52},
number = {1},
pages = {40--44},
month = jan,
doi = {10.1145/1435417.1435432}
}

%% http://queue.acm.org/detail.cfm?id=2462076
@article{Bailis:2013jc,
author = {Bailis, Peter and Ghodsi, Ali},
title = {Eventual Consistency Today: Limitations, Extensions, and Beyond},
journal = {ACM Queue},
year = {2013},
volume = {11},
number = {3},
month = mar,
doi = {10.1145/2460276.2462076}
}

%% https://queue.acm.org/detail.cfm?id=2745385
@article{Sheehy:2015jm,
author = {Sheehy, Justin},
title = {There is No Now: Problems with simultaneity in distributed systems},
journal = {ACM Queue},
year = {2015},
volume = {13},
number = {3},
month = mar,
doi = {10.1145/2733108}
}

@article{Herlihy:1990jq,
author = {Herlihy, Maurice P and Wing, Jeannette M},
title = {Linearizability: A Correctness Condition for Concurrent Objects},
journal = {ACM Transactions on Programming Languages and Systems (TOPLAS)},
year = {1990},
volume = {12},
number = {3},
pages = {463--492},
month = jul,
doi = {10.1145/78969.78972}
}

%% http://lpd.epfl.ch/sgilbert/pubs/BrewersConjecture-SigAct.pdf
@article{Gilbert:2002il,
author = {Gilbert, Seth and Lynch, Nancy A},
title = {Brewer's Conjecture and the Feasibility of Consistent, Available, Partition-Tolerant Web Services},
journal = {ACM SIGACT News},
year = {2002},
volume = {33},
number = {2},
pages = {51--59},
doi = {10.1145/564585.564601}
}

%% http://research.microsoft.com/en-US/um/people/Lamport/pubs/time-clocks.pdf
@article{Lamport:1978jq,
author = {Lamport, Leslie},
title = {Time, clocks, and the ordering of events in a distributed system},
journal = {Communications of the ACM},
year = {1978},
volume = {21},
number = {7},
pages = {558--565},
month = jul,
doi = {10.1145/359545.359563}
}

%% https://gdo149.llnl.gov/attachments/20776356/20907222.pdf
@article{Jefferson:1985em,
author = {Jefferson, David R},
title = {Virtual time},
journal = {ACM Transactions on Programming Languages and Systems (TOPLAS)},
year = {1985},
volume = {7},
number = {3},
pages = {404--425},
month = jul,
doi = {10.1145/3916.3988}
}

@misc{Leach:2005hm,
author = {Leach, Paul J and Mealling, Michael and Salz, Rich},
title = {{A Universally Unique IDentifier (UUID) URN} Namespace},
howpublished = {IETF Standards Track, RFC 4122},
year = {2005},
month = jul,
doi = {10.17487/rfc4122}
}

@book{Kleppmann:2017wj,
author = {Kleppmann, Martin},
title = {Designing Data-Intensive Applications},
publisher = {O'Reilly Media},
year = {2017},
month = apr,
isbn = {978-1-4493-7332-0}
}

%% https://mitpress.mit.edu/books/materialized-views
@book{Gupta:1999uz,
author = {Gupta, Ashish and Mumick, Inderpal Singh},
title = {Materialized Views: Techniques, Implementations, and Applications},
publisher = {MIT Press},
year = {1999},
month = may,
isbn = {9780262571227}
}

%% http://www.cs.cornell.edu/fbs/publications/smsurvey.pdf
@article{Schneider:1990vy,
author = {Schneider, Fred B},
title = {Implementing Fault-Tolerant Services Using the State Machine Approach: A Tutorial},
journal = {ACM Computing Surveys},
year = {1990},
volume = {22},
number = {4},
pages = {299--319},
month = dec,
doi = {10.1145/98163.98167}
}

%% https://dspace.jaist.ac.jp/dspace/bitstream/10119/4883/1/defago_et_al.pdf
@article{Defago:2004ji,
author = {D{\'e}fago, Xavier and Schiper, Andr{\'e} and Urb{\'a}n, P{\'e}ter},
title = {Total order broadcast and multicast algorithms: Taxonomy and survey},
journal = {ACM Computing Surveys},
year = {2004},
volume = {36},
number = {4},
pages = {372--421},
month = dec,
doi = {10.1145/1041680.1041682}
}

%% https://arxiv.org/abs/1608.06696
@inproceedings{Howard:2016tz,
author = {Howard, Heidi and Malkhi, Dahlia and Spiegelman, Alexander},
title = {{Flexible Paxos}: Quorum Intersection Revisited},
booktitle = {20th International Conference on Principles of Distributed Systems (OPODIS)},
year = {2016},
month = dec,
doi = {10.4230/LIPIcs.OPODIS.2016.25}
}

%% http://www.eecs.harvard.edu/~margo/cs165/papers/mohan-1992.pdf
@article{Mohan:1992fe,
author = {Mohan, C and Haderle, Don and Lindsay, Bruce and Pirahesh, Hamid and Schwarz, Peter},
title = {{ARIES}: A transaction recovery method supporting fine-granularity locking and partial rollbacks using write-ahead logging},
journal = {ACM Transactions on Database Systems (TODS)},
year = {1992},
volume = {17},
number = {1},
pages = {94--162},
month = mar,
doi = {10.1145/128765.128770}
}

@book{Vernon:2013ww,
author = {Vernon, Vaughn},
title = {{Implementing Domain-Driven Design}},
publisher = {Addison-Wesley Professional},
year = {2013},
month = feb,
isbn = {0321834577}
}

@techreport{BoydWickizer:2014uz,
author = {Boyd-Wickizer, Silas and Kaashoek, M Frans and Morris, Robert and Zeldovich, Nickolai},
title = {{OpLog}: a library for scaling update-heavy data structures},
institution = {MIT CSAIL},
year = {2014},
number = {MIT-CSAIL-TR-2014-019},
month = sep,
url = {http://hdl.handle.net/1721.1/89653}
}
